Ross2000 : [2000 | Ross | ASSETS] Wearable Interfaces for Orientation and Wayfinding
@INPROCEEDINGS{2000_Ross_ASSETS,
    author = {Ross, David A. and Blasch, Bruce B.},
	title = {Wearable interfaces for orientation and wayfinding},
	booktitle = {Proceedings of the fourth international ACM conference on Assistive technologies},
	series = {Assets '00},
	year = {2000},
	isbn = {1-58113-313-8},
	location = {Arlington, Virginia, United States},
	pages = {193--200},
	numpages = {8},
	url = {http://doi.acm.org/10.1145/354324.354380},
	doi = {10.1145/354324.354380},
	acmid = {354380},
	publisher = {ACM},
	address = {New York, NY, USA},
	keywords = {blindness, orientation aid, street crossing, wayfinding},
}

Wickens2002 : [2002 | Wickens | ErgoScience] Multiple Resources and Performance Prediction
@ARTICLE{2002_Wickens_ErgoScience,
	author = {Wickens, C.},
	title = {Multiple resources and performance prediction},
	journal = {Theoretical Issues in Ergonomics Science},
	issue_date = {2002},
	volume = {3},
	number = {2},
	year = {2002},
	pages = {159--177},
	numpages = {19},
	publisher = {Taylor and Francis Ltd},
}

Jones2004 : [2004 | Jones | HAPTICS] Development of a Tactile Vest
@INPROCEEDINGS{2004_Jones_HAPTICS,
    author = {Jones, Lynette A. and Nakamura, Mealani and Lockyer, Brett},
	title = {Development of a tactile vest},
	booktitle = {Proceedings of the 12th international conference on Haptic interfaces for virtual environment and teleoperator systems},
	series = {HAPTICS'04},
	year = {2004},
	isbn = {0-7695-2112-6},
	location = {Chicago, Illinois, USA},
	pages = {82--89},
	numpages = {8},
	url = {http://dl.acm.org/citation.cfm?id=1880269.1880282},
	acmid = {1880282},
	publisher = {IEEE Computer Society},
	address = {Washington, DC, USA},
}

Lindeman2004 : [2004 | Lindeman | IEEEWearComp] The Design and Deployment of a Wearable Vibrotactile Feedback System
@INPROCEEDINGS{2004_Lindeman_IEEEWearComp,
	author = {Lindeman, Robert W. and Sibert, John L. and Lathan, Corinna E. and Vice, Jack M.},
	title = {The Design and Deployment of a Wearable Vibrotactile Feedback System},
	booktitle = {Proceedings of the Eighth International Symposium on Wearable Computers},
	series = {ISWC '04},
	year = {2004},
	isbn = {0-7695-2186-X},
	pages = {56--59},
	numpages = {4},
	url = {http://dx.doi.org/10.1109/ISWC.2004.43},
	doi = {10.1109/ISWC.2004.43},
	acmid = {1033868},
	publisher = {IEEE Computer Society},
	address = {Washington, DC, USA},
}

Tsukada2004 : [2004 | Tsukada | Ubicomp] Belt-Type Wearable Tactile Display for Directional Navigation
@INPROCEEDINGS{2004_Tsukada_Ubicomp,
	author = {Tsukada, K. and Yasumrua, M.},
	title = {ActiveBelt: belt-type wearable tactile display for directional navigation},
	booktitle = {Proceedings the Sixth International Conference on Ubiquitous Computing 2004},
	series = {UbiComp '04},
	year = {2004},
	location = {Tokyo, Japan},
	pages = {384--399},
	numpages = {16},
}

VanVeen2004 : [2004 | VanVeen | EuroHaptics] Waypoint Navigation with a Vibrotactile Waist Belt
@ARTICLE{2004_VanVeen_EuroHaptics,
	author = {Erp, Jan B. F. Van and Veen, Hendrik A. H. C. Van and Jansen, Chris and Dobbins, Trevor},
	title = {Waypoint navigation with a vibrotactile waist belt},
	journal = {ACM Trans. Appl. Percept.},
	issue_date = {April 2005},
	volume = {2},
	number = {2},
	month = apr,
	year = {2005},
	issn = {1544-3558},
	pages = {106--117},
	numpages = {12},
	url = {http://doi.acm.org/10.1145/1060581.1060585},
	doi = {10.1145/1060581.1060585},
	acmid = {1060585},
	publisher = {ACM},
	address = {New York, NY, USA},
	keywords = {Vehicle control, navigation, vibrotactile displays, visually handicapped},
}

Nagel2005 : [2005 | Nagel | JNeuralEng] Beyond Sensory Substitution -- Learning the Sixth Sense
@ARTICLE{2005_Nagel_JNeuralEng,
	author = {Nagel, Saskia K. and Carl, Christine and Kringe, Tobias and M{\"{a}}rtin, Robert and K{\"{o}}nig, Peter},
	citeulike-article-id = {4033021},
	citeulike-linkout-0 = {http://dx.doi.org/10.1088/1741-2560/2/4/R02},
	doi = {10.1088/1741-2560/2/4/R02},
	journal = {J. Neural Eng.},
	keywords = {file-import-09-02-11},
	local-url = {file://localhost/Users/niklas/Documents/Papers/2005/Nagel/J.\%20Neural\%20Eng.\%202005\%20Nagel.pdf},
	month = nov,
	number = {4},
	pages = {R13--R26},
	posted-at = {2009-02-11 09:41:30},
	priority = {2},
	title = {{Beyond sensory substitution---learning the sixth sense}},
	url = {http://dx.doi.org/10.1088/1741-2560/2/4/R02},
	volume = {2},
	year = {2005}
}

Oulasvirta2005 : [2005 | Oulasvirta | CHI] Interaction in 4-Second Bursts: The Fragmented Nature of Attentional Resources in Mobile HCI
@INPROCEEDINGS{2005_Oulasvirta_CHI,
	author = {Oulasvirta, Antti and Tamminen, Sakari and Roto, Virpi and Kuorelahti, Jaana},
	title = {Interaction in 4-second bursts: the fragmented nature of attentional resources in mobile HCI},
	booktitle = {Proceedings of the SIGCHI Conference on Human Factors in Computing Systems},
	series = {CHI '05},
	year = {2005},
	isbn = {1-58113-998-5},
	location = {Portland, Oregon, USA},
	pages = {919--928},
	numpages = {10},
	url = {http://doi.acm.org/10.1145/1054972.1055101},
	doi = {10.1145/1054972.1055101},
	acmid = {1055101},
	publisher = {ACM},
	address = {New York, NY, USA},
	keywords = {attention, cognition, context, interruptions, mobile HCI, mobile browsers, multi-modal interfaces, multitasking, semi-naturalistic field study},
}

VanErp2005 : [2005_VanErp_TAP] Waypoint Navigation with a Vibrotactile Waist Belt
@ARTICLE{2005_VanErp_TAP,
    author = {Erp, Jan B. F. Van and Veen, Hendrik A. H. C. Van and Jansen, Chris and Dobbins, Trevor},
	title = {Waypoint navigation with a vibrotactile waist belt},
	journal = {ACM Trans. Appl. Percept.},
	issue_date = {April 2005},
	volume = {2},
	number = {2},
	month = apr,
	year = {2005},
	issn = {1544-3558},
	pages = {106--117},
	numpages = {12},
	url = {http://doi.acm.org/10.1145/1060581.1060585},
	doi = {10.1145/1060581.1060585},
	acmid = {1060585},
	publisher = {ACM},
	address = {New York, NY, USA},
	keywords = {Vehicle control, navigation, vibrotactile displays, visually handicapped},
}

Johnson2006 : [2006 | Johnson | EMBS] A Navigation Aid for the Blind Using Tactile-Visual Sensory Substitution
@INPROCEEDINGS{2006_Johnson_EMBS,
	author = {Johnson, L.A. and Higgins, C.M.},
	title = {A navigation aid for the blind using tactile-visual sensory substitution},
	booktitle = {Proceedings of the 28th Annual International Conference of the IEEE Engineering in Medicine and Biology Society},
	series = {EMBS '06},
	year = {2006},
	location = {New York, USA},
	pages = {6289--6292},
	numpages = {4},
	publisher = {IEEE},
}

Jupp2007 : [2007_Jupp_UAHCI] Mobile Computing in Maintenance Activities: A 'Situational Induced Impairments and Disabilities' Perspective
@INCOLLECTION{2007_Jupp_UAHCI,
   author = {Jupp, Julie and Langdon, Patrick and Godsill, Simon},
   affiliation = {Engineering Design Centre, University of Cambridge},
   title = {Mobile Computing in Maintenance Activities: A 'Situational Induced Impairments and Disabilities' Perspective},
   booktitle = {Universal Acess in Human Computer Interaction. Coping with Diversity},
   series = {Lecture Notes in Computer Science},
   editor = {Stephanidis, Constantine},
   publisher = {Springer Berlin / Heidelberg},
   isbn = {978-3-540-73278-5},
   keyword = {Computer Science},
   pages = {696-705},
   volume = {4554},
   url = {http://dx.doi.org/10.1007/978-3-540-73279-2_77},
   year = {2007}
}

VanErp2007 : [2007 | VanErp | Dissertation] Tactile Displays for Navigation and Orientation: Perception and Behavior
@PHDTHESIS{2007_VanErp_Dissertation,
	author = {van Erp, J.B.F.},
	title = {Tactile displays for navigation and orientation: perception and behavior},
	school = {Utrecht University},
	year = {2007},
}

Buechley2008 : [2008 | Buechley | CHI] The LilyPad Arduino: Using Computational Textiles to Investigate Engagement, Aesthetics, and Diversity in Computer Science Education
@INPROCEEDINGS{2008_Buechley_CHI,
	author = {Buechley, Leah and Eisenberg, Mike and Catchen, Jaime and Crockett, Ali},
	title = {The LilyPad Arduino: using computational textiles to investigate engagement, aesthetics, and diversity in computer science education},
	booktitle = {Proceedings of the SIGCHI Conference on Human Factors in Computing Systems},
	series = {CHI '08},
	year = {2008},
	isbn = {978-1-60558-011-1},
	location = {Florence, Italy},
	pages = {423--432},
	numpages = {10},
	url = {http://doi.acm.org.lib-ezproxy.tamu.edu:2048/10.1145/1357054.1357123},
	doi = {10.1145/1357054.1357123},
	acmid = {1357123},
	publisher = {ACM},
	address = {New York, NY, USA},
	keywords = {computational textiles, construction kits., e-textiles, electronic textiles, lilypad arduino, smart textiles, wearable computing},
}

Ishikawa2008 : [2008 | Ishikawa | JEnvPsy] Wayfinding with a GPS-based Mobile Navigation System: A Comparison with Maps and Direct Experience
@ARTICLE{2008_Ishikawa_JEnvPsy,
	doi = {10.1016/j.jenvp.2007.09.002},
	issn = {02724944},
	journal = {Journal of Environmental Psychology},
	keywords = {gps, navigation, wayfinding},
	month = mar,
	number = {1},
	pages = {74--82},
	posted-at = {2008-10-16 21:44:27},
	priority = {2},
	title = {{Wayfinding with a GPS-based mobile navigation system: A comparison with maps and direct experience}},
	url = {http://dx.doi.org/10.1016/j.jenvp.2007.09.002},
	volume = {28},
	year = {2008}
}

Lin2008 : [2008 | Lin | OZCHI] Investigation into the Feasibility of Using Tactons to Provide Navigation Cues in Pedestrian Situations
@INPROCEEDINGS{2008_Lin_OZCHI,
	author = {Lin, Ming-Wei and Cheng, Yun-Maw and Yu, Wai and Sandnes, Frode Eika},
	title = {Investigation into the feasibility of using tactons to provide navigation cues in pedestrian situations},
	booktitle = {Proceedings of the 20th Australasian Conference on Computer-Human Interaction: Designing for Habitus and Habitat},
	series = {OZCHI '08},
	year = {2008},
	isbn = {0-9803063-4-5},
	location = {Cairns, Australia},
	pages = {299--302},
	numpages = {4},
	url = {http://doi.acm.org/10.1145/1517744.1517794},
	doi = {10.1145/1517744.1517794},
	acmid = {1517794},
	publisher = {ACM},
	address = {New York, NY, USA},
	keywords = {non-visual interaction, pedestrian navigation, tactile displays, tactile icons, tactons},
}

Smets2008 : [2008 | Smets | MobileHCI] Effects of Mobile Map Orientation and Tactile Feedback on Navigation Speed and Situation Awareness
@INPROCEEDINGS{2008_Smets_MobileHCI,
	author = {Smets, Nanja J. J. M. and te Brake, Guido M. and Neerincx, Mark A. and Lindenberg, Jasper},
	title = {Effects of mobile map orientation and tactile feedback on navigation speed and situation awareness},
	booktitle = {Proceedings of the 10th international conference on Human computer interaction with mobile devices and services},
	series = {MobileHCI '08},
	year = {2008},
	isbn = {978-1-59593-952-4},
	location = {Amsterdam, The Netherlands},
	pages = {73--80},
	numpages = {8},
	url = {http://doi.acm.org/10.1145/1409240.1409249},
	doi = {10.1145/1409240.1409249},
	acmid = {1409249},
	publisher = {ACM},
	address = {New York, NY, USA},
	keywords = {crisis management, first responders, game-based simulation, mobile maps, multimodal interaction, navigation, tactile feedback, wearable computing},
}

Pielot2009 : [2009 | Pielot | MobileHCI] Supporting Map-Based Wayfinding with Tactile Cues
@INPROCEEDINGS{2009_Pielot_MobileHCI,
	author = {Pielot, Martin and Henze, Niels and Boll, Susanne},
	title = {Supporting map-based wayfinding with tactile cues},
	booktitle = {Proceedings of the 11th International Conference on Human-Computer Interaction with Mobile Devices and Services},
	series = {MobileHCI '09},
	year = {2009},
	isbn = {978-1-60558-281-8},
	location = {Bonn, Germany},
	pages = {23:1--23:10},
	articleno = {23},
	numpages = {10},
	url = {http://doi.acm.org/10.1145/1613858.1613888},
	doi = {10.1145/1613858.1613888},
	acmid = {1613888},
	publisher = {ACM},
	address = {New York, NY, USA},
	keywords = {pedestrian navigation, tactile display, wayfinding},
}

Rukzio2009 : [2009 | Rukzio | CHI] Design, Implementation and Evaluation of a Novel Public Display for Pedestrian Navigation: The Rotating Compass
@INPROCEEDINGS{2009_Rukzio_CHI,
	author = {Rukzio, Enrico and M\"{u}ller, Michael and Hardy, Robert},
	title = {Design, implementation and evaluation of a novel public display for pedestrian navigation: the rotating compass},
	booktitle = {Proceedings of the SIGCHI Conference on Human Factors in Computing Systems},
	series = {CHI '09},
	year = {2009},
	isbn = {978-1-60558-246-7},
	location = {Boston, MA, USA},
	pages = {113--122},
	numpages = {10},
	url = {http://doi.acm.org/10.1145/1518701.1518722},
	doi = {10.1145/1518701.1518722},
	acmid = {1518722},
	publisher = {ACM},
	address = {New York, NY, USA},
	keywords = {mobile navigation, public displays, synchronized displays},
}

Elliott2010 : [2010 | Elliott | IEEEHaptics] Field-Based Validation of a Tactile Navigation Device
@ARTICLE{2010_Elliott_IEEEHaptics, 
	author={Elliott, L.R. and van Erp, J.B.F. and Redden, E.S. and Duistermaat, M.}, 
	journal={Haptics, IEEE Transactions on},
	title={Field-Based Validation of a Tactile Navigation Device}, 
	year={2010}, 
	month={april-june},
	volume={3}, 
	number={2}, 
	pages={78--87}, 
	keywords={GPS system;US Army soldier land navigation;field-based validation;tactile navigation device;Global Positioning System;haptic interfaces;military computing;}, 
	doi={10.1109/TOH.2010.3}, 
	ISSN={1939-1412},
}

Madden2010 : [2010 | Madden | PewResearch] Adults and Cell Phone Distractions
@TECHREPORT{2010_Madden_PewResearch,
	author = {Mary Madden and Lee Rainie},
	title = {Adults and cell phone distractions},
	institution = {Pew Research Center},
	day = {18},
	month = {June},
	year = {2010},
	url = {http://pewinternet.org/Reports/2010/Cell-Phone-Distractions.aspx},
}

Magnusson2010a : [2010 | Magnusson | HAID] The Influence of Angle Size in Navigation Applications using Pointing Gestures
@INPROCEEDINGS{2010_Magnusson_HAID,
	author = {Magnusson, Charlotte and Rassmus-Gr\"{o}hn, Kirsten and Szymczak, Delphine},
	title = {The influence of angle size in navigation applications using pointing gestures},
	booktitle = {Proceedings of the 5th international conference on Haptic and audio interaction design},
	series = {HAID'10},
	year = {2010},
	isbn = {3-642-15840-4, 978-3-642-15840-7},
	location = {Copenhagen, Denmark},
	pages = {107--116},
	numpages = {10},
	url = {http://dl.acm.org/citation.cfm?id=1887984.1887999},
	acmid = {1887999},
	publisher = {Springer-Verlag},
	address = {Berlin, Heidelberg},
	keywords = {audio, gesture, location based, mobile, non-visual, pointing},
}

Magnusson2010b : [2010 | Magnusson | MobileHCI] Scanning Angles for Directional Pointing
@INPROCEEDINGS{2010_Magnusson_MobileHCI,
	author = {Magnusson, Charlotte and Rassmus-Gr\"{o}hn, Kirsten and Szymczak, Delphine},
	title = {Scanning angles for directional pointing},
	booktitle = {Proceedings of the 12th international conference on Human computer interaction with mobile devices and services},
	series = {MobileHCI '10},
	year = {2010},
	isbn = {978-1-60558-835-3},
	location = {Lisbon, Portugal},
	pages = {399--400},
	numpages = {2},
	url = {http://doi.acm.org/10.1145/1851600.1851684},
	doi = {10.1145/1851600.1851684},
	acmid = {1851684},
	publisher = {ACM},
	address = {New York, NY, USA},
	keywords = {angle, audio, gesture, navigation, non-visual, pointing},
}

Magnusson2010c : [2010 | Magnusson | NordiCHI] Pointing for Non-Visual Orientation and Navigation
@INPROCEEDINGS{2010_Magnusson_NordiCHI,
	author = {Magnusson, Charlotte and Molina, Miguel and Rassmus-Gr\"{o}hn, Kirsten and Szymczak, Delphine},
	title = {Pointing for non-visual orientation and navigation},
	booktitle = {Proceedings of the 6th Nordic Conference on Human-Computer Interaction: Extending Boundaries},
	series = {NordiCHI '10},
	year = {2010},
	isbn = {978-1-60558-934-3},
	location = {Reykjavik, Iceland},
	pages = {735--738},
	numpages = {4},
	url = {http://doi.acm.org/10.1145/1868914.1869017},
	doi = {10.1145/1868914.1869017},
	acmid = {1869017},
	publisher = {ACM},
	address = {New York, NY, USA},
	keywords = {GPS, audio-haptic, augmented reality, compass, interaction, navigation, non-visual},
}

Pielot2010a : [2010 | Pielot | MobileHCI] PocketNavigator: Vibro-Tactile Waypoint Navigation for Everyday Mobile Devices
@INPROCEEDINGS{2010_Pielot_MobileHCI,
	author = {Pielot, Martin and Poppinga, Benjamin and Boll, Susanne},
	title = {PocketNavigator: vibro-tactile waypoint navigation for everyday mobile devices},
	booktitle = {Proceedings of the 12th international conference on Human computer interaction with mobile devices and services},
	series = {MobileHCI '10},
	year = {2010},
	isbn = {978-1-60558-835-3},
	location = {Lisbon, Portugal},
	pages = {423--426},
	numpages = {4},
	url = {http://doi.acm.org/10.1145/1851600.1851696},
	doi = {10.1145/1851600.1851696},
	acmid = {1851696},
	publisher = {ACM},
	address = {New York, NY, USA},
	keywords = {pedestrian navigation, tactile displays},
}

Pielot2010b : [2010 | Pielot | Pervasive] Tactile Wayfinder: Comparison of Tactile Waypoint Navigation with Commercial Pedestrian Navigation Systems
@INCOLLECTION{2010_Pielot_Pervasive,
	author = {Pielot, Martin and Boll, Susanne},
	affiliation = {OFFIS Institute for Information Technology, Germany},
	title = {Tactile Wayfinder: Comparison of Tactile Waypoint Navigation with Commercial Pedestrian Navigation Systems},
	booktitle = {Pervasive Computing},
	series = {Lecture Notes in Computer Science},
	editor = {Flor\'{e}en, Patrik and Krüger, Antonio and Spasojevic, Mirjana},
	publisher = {Springer Berlin / Heidelberg},
	isbn = {978-3-642-12653-6},
	keyword = {Computer Science},
	pages = {76--93},
	volume = {6030},
	url = {http://dx.doi.org/10.1007/978-3-642-12654-3_5},
	year = {2010},
}

Robinson2010 : [2010 | Robinson | MobileHCI] “I Did It My Way”: Moving Away from the Tyranny of Turn-by-Turn Pedestrian Navigation
@INPROCEEDINGS{2010_Robinson_MobileHCI,
	author = {Robinson, Simon and Jones, Matt and Eslambolchilar, Parisa and Murray-Smith, Roderick and Lindborg, Mads},
	title = {"I did it my way": moving away from the tyranny of turn-by-turn pedestrian navigation},
	booktitle = {Proceedings of the 12th international conference on Human computer interaction with mobile devices and services},
	series = {MobileHCI '10},
	year = {2010},
	isbn = {978-1-60558-835-3},
	location = {Lisbon, Portugal},
	pages = {341--344},
	numpages = {4},
	url = {http://doi.acm.org/10.1145/1851600.1851660},
	doi = {10.1145/1851600.1851660},
	acmid = {1851660},
	publisher = {ACM},
	address = {New York, NY, USA},
	keywords = {GPS, bearing-based, mobile, navigation, vibrotactile},
}

Srikulwong2010 : [2010 | Srikulwong | HAID] A Comparison of Two Wearable Tactile Interfaces with a Complementary Display in Two Orientations
@INPROCEEDINGS{2010_Srikulwong_HAID,
	author = {Srikulwong, Mayuree and O'Neill, Eamonn},
	title = {A comparison of two wearable tactile interfaces with a complementary display in two orientations},
	booktitle = {Proceedings of the 5th international conference on Haptic and audio interaction design},
	series = {HAID'10},
	year = {2010},
	isbn = {3-642-15840-4, 978-3-642-15840-7},
	location = {Copenhagen, Denmark},
	pages = {139--148},
	numpages = {10},
	url = {http://dl.acm.org/citation.cfm?id=1887984.1888002},
	acmid = {1888002},
	publisher = {Springer-Verlag},
	address = {Berlin, Heidelberg},
	keywords = {evaluation/methodology, haptic i/o, pedestrian navigation, user interfaces, wearable computers},
}

Williamson2010 : [2010 | Williamson | CHI] Social Gravity: A Virtual Elastic Tether for Casual, Privacy-Preserving Pedestrian Rendezvous
@INPROCEEDINGS{2010_Williamson_CHI,
	author = {Williamson, John and Robinson, Simon and Stewart, Craig and Murray-Smith, Roderick and Jones, Matt and Brewster, Stephen},
	title = {Social gravity: a virtual elastic tether for casual, privacy-preserving pedestrian rendezvous},
	booktitle = {Proceedings of the SIGCHI conference on Human factors in computing systems},
	series = {CHI '10},
	year = {2010},
	isbn = {978-1-60558-929-9},
	location = {Atlanta, Georgia, USA},
	pages = {1485--1494},
	numpages = {10},
	url = {http://doi.acm.org/10.1145/1753326.1753548},
	doi = {10.1145/1753326.1753548},
	acmid = {1753548},
	publisher = {ACM},
	address = {New York, NY, USA},
	keywords = {geosocial interaction, gps, mobile, navigation, vibrotactile},
}

Elliott2011 : [2011 | Elliott | HI] Development of Tactile and Haptic Systems for U.S. Infantry Navigation and Communication
@INPROCEEDINGS{2011_Elliott_HI,
	author = {Elliott, Linda R. and Schmeisser, Elmar T. and Redden, Elizabeth S.},
	title = {Development of tactile and haptic systems for U.S. infantry navigation and communication},
	booktitle = {Proceedings of the 2011 international conference on Human interface and the management of information - Volume Part I},
	series = {HI'11},
	year = {2011},
	isbn = {978-3-642-21792-0},
	location = {Orlando, FL, USA},
	pages = {399--407},
	numpages = {9},
	url = {http://dl.acm.org/citation.cfm?id=2027916.2027966},
	acmid = {2027966},
	publisher = {Springer-Verlag},
	address = {Berlin, Heidelberg},
	keywords = {haptic displays, intuitive displays, multisensory displays, soldier navigation, soldier performance, tactile displays},
}

Frohlich2011 : [2011 | Frohlich | CommunACM] On the Move, Wirelessly Connected to the World
@ARTICLE{2011_Frohlich_CommunACM,
	author = {Fr\"{o}hlich, Peter and Oulasvirta, Antti and Baldauf, Matthias and Nurminen, Antti},
	title = {On the move, wirelessly connected to the world},
	journal = {Commun. ACM},
	issue_date = {January 2011},
	volume = {54},
	number = {1},
	month = jan,
	year = {2011},
	issn = {0001-0782},
	pages = {132--138},
	numpages = {7},
	url = {http://doi.acm.org/10.1145/1866739.1866766},
	doi = {10.1145/1866739.1866766},
	acmid = {1866766},
	publisher = {ACM},
	address = {New York, NY, USA},
}

Jacob2011 : [2011 | Jacob | MLBS] Guided by Touch: Tactile Pedestrian Navigation
@INPROCEEDINGS{2011_Jacob_MLBS,
	author = {Jacob, Ricky and Mooney, Peter and Winstanley, Adam C.},
	title = {Guided by touch: tactile pedestrian navigation},
	booktitle = {Proceedings of the 1st international workshop on Mobile location-based service},
	series = {MLBS '11},
	year = {2011},
	isbn = {978-1-4503-0928-8},
	location = {Beijing, China},
	pages = {11--20},
	numpages = {10},
	url = {http://doi.acm.org.lib-ezproxy.tamu.edu:2048/10.1145/2025876.2025881},
	doi = {10.1145/2025876.2025881},
	acmid = {2025881},
	publisher = {ACM},
	address = {New York, NY, USA},
	keywords = {haptic-feedback, interfaces, mobile devices, pedestrian navigation, sense of touch},
}

Pielot2011a : [2011 | Pielot | ICMI] 6th Senses for Everyone!: The Value of Multimodal Feedback in Handheld Navigation Aids
@INPROCEEDINGS{2011_Pielot_ICMI,
	author = {Pielot, Martin and Poppinga, Benjamin and Heuten, Wilko and Boll, Susanne},
	title = {6th senses for everyone!: the value of multimodal feedback in handheld navigation aids},
	booktitle = {Proceedings of the 13th international conference on multimodal interfaces},
	series = {ICMI '11},
	year = {2011},
	isbn = {978-1-4503-0641-6},
	location = {Alicante, Spain},
	pages = {65--72},
	numpages = {8},
	url = {http://doi.acm.org/10.1145/2070481.2070496},
	doi = {10.1145/2070481.2070496},
	acmid = {2070496},
	publisher = {ACM},
	address = {New York, NY, USA},
	keywords = {multi-modal interfaces, tactile \&\#38; haptic uis, user studies},
}

Pielot2011b : [2011 | Pielot | INTERACT] A Tactile Compass for Eyes-Free Pedestrian Navigation
@INPROCEEDINGS{2011_Pielot_INTERACT,
	author = {Pielot, Martin and Poppinga, Benjamin and Heuten, Wilko and Boll, Susanne},
	title = {A tactile compass for eyes-free pedestrian navigation},
	booktitle = {Proceedings of the 13th IFIP TC 13 international conference on Human-computer interaction - Volume Part II},
	series = {INTERACT'11},
	year = {2011},
	isbn = {978-3-642-23770-6},
	location = {Lisbon, Portugal},
	pages = {640--656},
	numpages = {17},
	url = {http://dl.acm.org/citation.cfm?id=2042118.2042179},
	acmid = {2042179},
	publisher = {Springer-Verlag},
	address = {Berlin, Heidelberg},
	keywords = {multi-modal interface, novel user interfaces and interaction techniques, we mobile accessibility},
}

Rumelin2011 : [2011 | Rumelin | UIST] NaviRadar: A Novel Tactile Information Display for Pedestrian Navigation
@INPROCEEDINGS{2011_Rumelin_UIST,
	author = {R\"{u}melin, Sonja and Rukzio, Enrico and Hardy, Robert},
	title = {NaviRadar: a novel tactile information display for pedestrian navigation},
	booktitle = {Proceedings of the 24th annual ACM symposium on User interface software and technology},
	series = {UIST '11},
	year = {2011},
	isbn = {978-1-4503-0716-1},
	location = {Santa Barbara, California, USA},
	pages = {293--302},
	numpages = {10},
	url = {http://doi.acm.org/10.1145/2047196.2047234},
	doi = {10.1145/2047196.2047234},
	acmid = {2047234},
	publisher = {ACM},
	address = {New York, NY, USA},
	keywords = {pedestrian navigation, radar, tactile feedback},
}

Cummings2012 : [2012 | Cummings | CHINZ] Haptic and AR Interface for Paratrooper Coordination
@INPROCEEDINGS{2012_Cummings_CHINZ,
	author = {Cummings, Danielle and Lucchese, George and Prasad, Manoj and Aikens, Chris and Ho, Jimmy and Hammond, Tracy},
	title = {Haptic and AR interface for paratrooper coordination},
	booktitle = {Proceedings of the 13th International Conference of the NZ Chapter of the ACM's Special Interest Group on Human-Computer Interaction},
	series = {CHINZ '12},
	year = {2012},
	isbn = {978-1-4503-1474-9},
	location = {Dunedin, New Zealand},
	pages = {52--55},
	numpages = {4},
	url = {http://doi.acm.org/10.1145/2379256.2379265},
	doi = {10.1145/2379256.2379265},
	acmid = {2379265},
	publisher = {ACM},
	address = {New York, NY, USA},
	keywords = {location-based system, military applications, mobile-computing},
}

Hwang2012 : [2012 | Hwang | MobileHCI] Monocular Vision-Based Path Prediction System
@INPROCEEDINGS{2012_Hwang_MobileHCI,
	author = {Hwang, Jihye and Ji, Yeounggwang and Kim, Eun Yi},
	title = {Monocular vision-based collision avoidance system},
	booktitle = {Proceedings of the 14th international conference on Human-computer interaction with mobile devices and services companion},
	series = {MobileHCI '12},
	year = {2012},
	isbn = {978-1-4503-1443-5},
	location = {San Francisco, California, USA},
	pages = {125--130},
	numpages = {6},
	url = {http://doi.acm.org/10.1145/2371664.2371688},
	doi = {10.1145/2371664.2371688},
	acmid = {2371688},
	publisher = {ACM},
	address = {New York, NY, USA},
	keywords = {elderly people, multiple disabled people, obstacle detection, visual interface},
}

Pielot2012 : [2012 | Pielot | CHI] PocketNavigator: Studying Tactile Navigation Systems In-Situ
@INPROCEEDINGS{2012_Pielot_CHI,
	author = {Pielot, Martin and Poppinga, Benjamin and Heuten, Wilko and Boll, Susanne},
	title = {PocketNavigator: studying tactile navigation systems in-situ},
	booktitle = {Proceedings of the SIGCHI conference on Human factors in computing systems},
	series = {CHI '12},
	year = {2012},
	isbn = {978-1-4503-1015-4},
	location = {Austin, Texas, USA},
	pages = {3131--3140},
	numpages = {10},
	url = {http://doi.acm.org/10.1145/2207676.2208728},
	doi = {10.1145/2207676.2208728},
	acmid = {2208728},
	publisher = {ACM},
	address = {New York, NY, USA},
	keywords = {handheld devices and mobile computing, tactile \&\#38; haptic uis},
}

Szymczak2012 : [2012 | Szymczak | MobileHCI] A Real-World Study of an Audio-Tactile Tourist Guide
@INPROCEEDINGS{2012_Szymczak_MobileHCI,
	author = {Szymczak, Delphine and Rassmus-Gr\"{o}hn, Kirsten and Magnusson, Charlotte and Hedvall, Per-Olof},
	title = {A real-world study of an audio-tactile tourist guide},
	booktitle = {Proceedings of the 14th international conference on Human-computer interaction with mobile devices and services},
	series = {MobileHCI '12},
	year = {2012},
	isbn = {978-1-4503-1105-2},
	location = {San Francisco, California, USA},
	pages = {335--344},
	numpages = {10},
	url = {http://doi.acm.org/10.1145/2371574.2371627},
	doi = {10.1145/2371574.2371627},
	acmid = {2371627},
	publisher = {ACM},
	address = {New York, NY, USA},
	keywords = {augmented reality, inclusive, multimodal, navigation, non-visual},
}

Raisamo2012 : [2012 | Raisamo | EuroHaptics] Orientation Inquiry: A New Haptic Interaction Technique for Non-Visual Pedestrian Navigation
@INPROCEEDINGS{2012_Raisamo_EuroHaptics,
	author = {Raisamo, Roope and Nukarinen, Tomi and Pystynen, Johannes and M\"{a}kinen, Erno and Kildal, Johan},
	title = {Orientation inquiry: a new haptic interaction technique for non-visual pedestrian navigation},
	booktitle = {Proceedings of the 2012 international conference on Haptics: perception, devices, mobility, and communication - Volume Part II},
	series = {EuroHaptics'12},
	year = {2012},
	isbn = {978-3-642-31403-2},
	location = {Tampere, Finland},
	pages = {139--144},
	numpages = {6},
	url = {http://dx.doi.org/10.1007/978-3-642-31404-9_24},
	doi = {10.1007/978-3-642-31404-9_24},
	acmid = {2352201},
	publisher = {Springer-Verlag},
	address = {Berlin, Heidelberg},
	keywords = {orientation inquiry, pedestrian navigation, tactile feedback, wayfinding},
}

Arduino: [2012]: Arduino Website 
@misc{Arduino,
title = {Arduino Website},
howpublished = {\url{http://www.arduino.cc/}},
year = {2012}
}

Android: [2012]: Android Website
@misc{Android,
title = {Android Website},
howpublished = {\url{http://www.android.com/}},
year = {2012}
}

BlueSmirf: [2012]: RN42 Product Page
@misc{BlueSmirf,
title = {BlueSmirf Product Page},
howpublished = {\url{http://www.rovingnetworks.com/products/RN_42}},
year = {2012}
}

PingSensor: [2012]: Parallax Ping))) Ultrasonic Sensor Product Page
@misc{PingSensor,
title = {PingSensor Product Page},
howpublished = {\url{http://www.parallax.com/tabid/768/ProductID/92/Default.aspx}},
year = {2012}
}

VibeBoard: [2012]: Lilypad VibeBoard Product Page
@misc{VibeBoard,
title = {Lilypad Product Page},
howpublished = {\url{https://www.sparkfun.com/products/11008}},
year = {2012}
}
